% radtan:  distortion model
& coordinates: coordinate systems lecture notes  


@inproceedings{Middlebury,
author = {Scharstein, Daniel and Hirschm{\"{u}}ller, Heiko and Kitajima, York and Krathwohl, Greg and Ne{\v{s}}i{\'{c}}, Nera and Wang, Xi and Westling, Porter},
booktitle = {German Conference on Pattern Recognition},
organization = {Springer International Publishing},
pages = {31--42},
title = {{High-resolution stereo datasets with subpixel-accurate ground truth}},
year = {2014}
}
@article{Dominik,
author = {Schindler, Dominik},
file = {:home/kiki/Project/Bibliography/Presentation/Report_dominikSchindler.pdf:pdf},
journal = {Master Thesis},
title = {{Visual Terrain Estimation for Legged Robots}},
year = {2015}
}
@inproceedings{DTAM,
author = {Newcombe, Richard A and Lovegrove, Steven J and Davison, Andrew J},
booktitle = {2011 international conference on computer vision},
organization = {IEEE},
pages = {2320--2327},
title = {{DTAM: Dense tracking and mapping in real-time}},
year = {2011}
}
@inproceedings{PTAM,
author = {Klein, Georg and Murray, David},
booktitle = {Mixed and Augmented Reality, 2007. ISMAR 2007. 6th IEEE and ACM International Symposium on},
organization = {IEEE},
pages = {225--234},
title = {{Parallel tracking and mapping for small AR workspaces}},
year = {2007}
}
@inproceedings{LSD-SLAM,
author = {Engel, Jakob and Sch{\"{o}}ps, Thomas and Cremers, Daniel},
booktitle = {European Conference on Computer Vision},
organization = {Springer International Publishing},
pages = {834--849},
title = {{LSD-SLAM: Large-scale direct monocular SLAM}},
year = {2014}
}
@article{Primer,
author = {Bloesch, Michael and Sommer, Hannes and Laidlow, Tristan and Burri, Michael and Nuetzi, Gabriel and Jun, R O},
title = {{A Primer on the Differential Calculus of 3D Orientations}},
year = {2016}
}
